
@online{ramwebsite,
    author = "",
    title = "Memoria RAM",
    url  = "https://concepto.de/memoria-ram/",
    addendum = "(accessed: 06.09.2020)",
    keywords = "Memoria,RAM"
  
}


@online{romwebsite,
    author = "",
    title = "Memoria ROM",
    url  = "https://concepto.de/memoria-rom/ ",
    addendum = "(accessed: 06.09.2020)",
    keywords = "Memoria,ROM"
}
@online{augus,
    author = "Augusto Salazar",
    title = "Nociones de la memoria del computador",
    url  = "http://www.youbioit.com/es/article/shared-information/8714/como-funciona-la-memoria-de-una-computadora",
    addendum = "(accessed: 05.09.2020)",
    keywords = "Memoria"
}

@online{discwebsite,
    author = "",
    title = "Disco Duro",
    url  = "https://www.definicionabc.com/tecnologia/disco-duro.php",
    addendum = "(accessed: 07.09.2020)",
    keywords = "Memoria,Disco Duro"
}

